<?xml version="1.0" encoding="UTF-8"?><collection xmlns="http://www.loc.gov/MARC21/slim"><record><leader>00534nam--2200169-i-4500</leader><controlfield tag="001">000027928</controlfield><controlfield tag="002">20161230</controlfield><controlfield tag="005">20161230201037</controlfield><controlfield tag="008">060222s1000------------r-----000-0-eng-d</controlfield><datafield ind1=" " ind2=" " tag="040"><subfield code="a">IFIN-HH</subfield></datafield><datafield ind1=" " ind2=" " tag="080"><subfield code="a">539.124.143(043):539.12.04(043)</subfield></datafield><datafield ind1="1" ind2=" " tag="100"><subfield code="a">Lee, Young-hoon</subfield></datafield><datafield ind1="1" ind2="0" tag="245"><subfield code="a">Electron paramagnetic resonance studies in neutron-irradiated silicon</subfield><subfield code="b">Dissertation</subfield><subfield code="c">Young-hoon lee</subfield></datafield><datafield ind1=" " ind2=" " tag="260"><subfield code="a">Ann Arbor, Michigan</subfield><subfield code="b">University Microfilms</subfield><subfield code="c">1972</subfield></datafield><datafield ind1=" " ind2=" " tag="300"><subfield code="a">VIII + 192P</subfield></datafield><datafield ind1=" " ind2=" " tag="852"><subfield code="a">42246</subfield><subfield code="c">539.143.43</subfield></datafield><datafield ind1=" " ind2=" " tag="CAT"><subfield code="a">Sys</subfield><subfield code="c">20120509</subfield><subfield code="h">141452</subfield></datafield></record></collection>